<?xml version="1.0" encoding="UTF-8"?><collection xmlns="http://www.loc.gov/MARC21/slim"><record><leader>00407nam--2200121-i-4500</leader><controlfield tag="001">000042940</controlfield><controlfield tag="002">20161230</controlfield><controlfield tag="005">20161230201043</controlfield><controlfield tag="008">060222s1000------------r-----000-0-eng-d</controlfield><datafield ind1=" " ind2=" " tag="100"><subfield code="a">Stiennon-bovy,R. And Gelad,G</subfield></datafield><datafield ind1=" " ind2=" " tag="245"><subfield code="a">Chromatographie sur papier. valeurs des rf du tellure iv et du tellure vi. 21 references bibliographiques</subfield></datafield><datafield ind1=" " ind2=" " tag="260"><subfield code="a">Brussel, Studiacentrum Voor Kenenergie, 1962. P.Dif</subfield></datafield><datafield ind1=" " ind2=" " tag="852"><subfield code="a">D.1068</subfield></datafield></record></collection>